@article{MET49,
  added-at = {2009-03-03T17:19:04.000+0100},
  author = {Metropolis, N. and Ulam, S.},
  biburl = {http://www.bibsonomy.org/bibtex/23a9872b3a3572e446d5cedf42f2dc7d3/bronckobuster},
  interhash = {f23e8d1798ee5feb71cd41eea30d830d},
  intrahash = {3a9872b3a3572e446d5cedf42f2dc7d3},
  journal = {J.~Am.~Stat.~Assoc.},
  keywords = {imported},
  nota = {mm:},
  pages = 335,
  timestamp = {2009-03-03T17:19:30.000+0100},
  title = {The Monte Carlo method},
  volume = 44,
  year = 1949
},

@book{sobol,
  author = {Sobol', I. M.},
  title = {A primer for the Monte Carlo method},
  year = {1994},
  publisher = {CRC Press}
},

@book{newman,
  added-at = {2009-02-20T10:48:43.000+0100},
  author = {Barkema, M.E.J. and Newman, G.T.},
  biburl = {http://www.bibsonomy.org/bibtex/278510f795c8c6f49cf3cef1b4aead55e/tobias_qft_tpi},
  interhash = {a45975ca1dac9968e66932818a9bac9b},
  intrahash = {78510f795c8c6f49cf3cef1b4aead55e},
  keywords = {imported},
  publisher = {Oxford Uinversity Press},
  timestamp = {2009-02-20T10:48:44.000+0100},
  title = {Monte Carlo Methods in Statistical Physics},
  year = 1999
},

@book{numrec,
  added-at = {2010-02-21T22:43:51.000+0100},
  author = {Press, W. H. and Flannery, B. P. and Teukolsky, S. A. and Vetterling, W. T.},
  biburl = {http://www.bibsonomy.org/bibtex/28fc8822af03593443912bdb623434223/sknecht},
  interhash = {8dd6df4ccbf3268624fdef5215aadaea},
  intrahash = {8fc8822af03593443912bdb623434223},
  keywords = {imported},
  publisher = {Cambridge University Press},
  timestamp = {2010-02-21T22:43:55.000+0100},
  title = {Numerical Recipes},
  year = 1992
},

@article{kirkpatrick,
  author = "S. Kirkpatrick and C. D. Jr Gelatt and M. P. Vecchi",
  title = "Optimization by Simulated Annealing",
  year = "1983",
  journal = "Science"
},

@article{cerny,
  author = "Černý, V.",
  title = "Thermodynamical approach to the traveling salesman problem: An efficient simulation algorithm",
  year = "1985",
  journal = "Journal of Optimization Theory and Applications"
},
  
@misc{wiki:simulatedAnnealing,
  author = "Wikipedia",
  title = "Simulated annealing",
  year = "2015",
  howpublished = "\url{https://en.wikipedia.org/wiki/Simulated_annealing}"
},

@misc{wiki:boltzmannDist,
  author = "Wikipedia",
  title = "Boltzmann distribution",
  year = "2015",
  howpublished = "\url{https://en.wikipedia.org/wiki/Boltzmann_distribution}"
}


